% bmc_article.bib
% 
%  An example of bibtex entries.
%  Entries taken from BMC instructions for authors page.

% uncomment next line to make author-year bibliography
@settings{label, options="nameyear"}

@article{blank,
	author  = {}, 
	title   = {},
	journal = {}, 
	year  = {},
	  month = {}, 
	  volume= {}, 
	  number= {}, 
	  pages = {},
	  note  = {} 
}	

% Article within a journal
@ARTICLE{koon,
	author  = {Koonin, E V and Altschul, S F and P Bork}, 
	title   = {BRCA1 protein products: functional motifs}, 
	journal = {Nat Genet}, 
	year    = {1996},
	volume  = {13}, 
	pages   = {266-267}
}	

% Article within a journal supplement
@ARTICLE{oreg,
	author  = {Orengo, C A and Bray, J E and Hubbard, 
		   T and LoConte, L and Sillitoe, I}, 
	title   = {Analysis and assessment of ab initio 
		   three-dimensional prediction, secondary 
		   structure, and contacts prediction},
	journal = {Proteins}, 
	year    = {1999},
	volume  = {Suppl 3}, 
	pages   = {149-170}
}	

% In press article
@inpress{khar,
	author  = {Kharitonov, S A and Barnes, P J}, 
	title   = {Clinical aspects of exhaled nitric oxide},
	journal = {Eur Respir J}, 
	note    = {in press} 
}	

%
% Published abstract
%
@ARTICLE{zvai,
	author  = {Zvaifler, N J and Burger, J A and Marinova-Mutafchieva, 
		   L and Taylor, P and Maini, R N},
	title   = {Mesenchymal cells, stromal derived factor-1 and 
		   rheumatoid arthritis [abstract]},
	journal = {Arthritis Rheum}, 
	year    = {1999},
	volume  = {42}, 
	pages   = {s250},
}	


%
% Article within conference proceedings
%
@Inproceedings{xjon,
	author    = {X Jones}, 
	title     = {Zeolites and synthetic mechanisms},
	booktitle = {Proceedings of the First National Conference on 
		     Porous Sieves: 27-30 June 1996; Baltimore},
	year      = {1996},
	  editor  = {Y Smith}, 
	  pages   = {16-27},
	  organization  = {Stoneham: Butterworth-Heinemann}
}	

%%%%%%%%
%  Book chapter, or article within a book
%
@incollection{schn,
	author    = {E Schnepf}, 
	title     = {From prey via endosymbiont to plastids: 
		     comparative studies in dinoflagellates},
	booktitle = {Origins of Plastids}, 
	editor    = {R A Lewin}, 
	publisher = {Chapman and Hall},
	pages     = {53-76}, 
	year      = {1993},
	  address = {New York}, 
	  volume  = {2}, 
	  edition = {2nd} 
}	

%%%%%%%%
% Whole issue of journal
%
@wholejournal{pond,
	editor  = {B Ponder and S Johnston and L Chodosh}, 
	title   = {Innovative oncology},
	journal = {Breast Cancer Res}, 
	year  = {1998},
	  volume= {10}, 
	  pages = {1-72}
}	


%%%%%%%%
% Whole conference proceedings
%
@proceedings{smith,
	editor  = {Y Smith}, 
	title   = {Proceedings of the First National Conference
		   on Porous Sieves: 27-30 June 1996; Baltimore},
	year = 1996,
	  address= {Stoneham}, 
	  publisher = {Butterworth-Heinemann},
}	


%%%%%%%%
% Complete book
%
@book{marg,
	author    = {L Margulis}, 
	title     = {Origin of Eukaryotic Cells},
	publisher = {Yale University Press}, 
	year      = {1970},
	address   = {New Haven} 
}



%%%%%%%%
% Monograph or book in series 
%
@incollection{hunn,
	author    = {G W Hunninghake and J E Gadek}, 
	title     = {The alveloar macrophage},
	booktitle = {Cultured Human Cells and Tissues},
	publisher = {Academic Press}, 
	year      = {1995},
  pages      = {54-56},
	  editor   = {T J R Harris}, 
	  address  = {New York}, 
	  note     = {Stoner G (Series Editor): Methods and Perspectives in Cell Biology, vol 1} 
}


%%%%%%%%
% Book with institutional author
@manual{advi,
	  title   = {Annual Report}, 
	    organization  = {Advisory Committee on Genetic Modification}, 
	    address = {London},
	    year    = {1999}
}


%%%%%%%%
% PHD Thesis
%
@phdthesis{koha,
	author = {R Kohavi}, 
	title  = {Wrappers for performance enhancement and
		  obvious decision graphs},
	school = {Stanford University, Computer Science Department},
	year   = {1995}
}

%%%%%%%%
% Webpage Link / URL
%
@webpage{mouse,
	title  = {The Mouse Tumor Biology Database},
	url = {http://tumor.informatics.jax.org/cancer\_links.html}
}


@inproceedings{Strik2001,
  title={Pronunciation adaptation at the lexical level},
  author={Strik, Helmer},
  booktitle={ISCA Tutorial and Research Workshop (ITRW) on Adaptation Methods for Speech Recognition},
  year={2001}
}

@book{EF2015,
  author = {EducationFirst},
  title = {EF English Proficiency Index 2015},
  year={2015},
  publisher={Education First Ltd.},
  address={Lucerne}
}

@book{BEI2013,
  author = {GlobalEnglish},
  title = {The 2013 Business English Index \& Globalization of English Report},
  year={2013},
  publisher={Pearson Always Learning},
  address={Pearson},
  pages={15}
}

@book{Huang2001,
 author = {Huang, Xuedong and Acero, Alex and Hon, Hsiao-Wuen},
 title = {Spoken Language Processing: A Guide to Theory, Algorithm, and System Development},
 year = {2001},
 isbn = {0130226165},
 edition = {1st},
 publisher = {Prentice Hall PTR},
 address = {Upper Saddle River, NJ, USA},
 pages = {980}
} 

@book{Young2006,
author = {Young, S. and Evermann, G. and Gales, M. and Hain, T. and Kershaw, D. and Liu, X. and Moore, G. and Odell, J. and Ollason, D. and Povey, D. and Valtchev, V. and Woodland, P. },
address = {Cambridge},
title = {The HTK Book},
year = {2006},
publisher = {Cambridge University Engineering Department}
}

@inbook{Rabiner2007,
author = {Rabiner, L. and Schafer, R. },
title = {Introduction to Digital Speech Processing},
booktitle = {Foundations and Trends in Signal Processing},
year = {2007},
volume = {1},
pages = {1-194},
isbn = {1-2}
}

@book{Fink2014,
  title={Markov models for pattern recognition: from theory to applications},
  author={Fink, Gernot A},
  year={2014},
  publisher={Springer Science \& Business Media},
  address = {London},
}

@article{Gales2008,
  title={The application of hidden Markov models in speech recognition},
  author={Gales, Mark and Young, Steve},
  journal={Foundations and trends in signal processing},
  volume={1},
  number={3},
  pages={195--304},
  year={2008},
  publisher={Now Publishers Inc.}
}

@article{Rabiner1989,
  title={A tutorial on hidden Markov models and selected applications in speech recognition},
  author={Rabiner, Lawrence R},
  journal={Proceedings of the IEEE},
  volume={77},
  number={2},
  pages={257--286},
  year={1989},
  publisher={IEEE}
}

@inbook{Juang2005,
author = {Juang, B. and Rabiner, L. },
title = {Automatic Speech Recognition - A Brief History of the Technology},
booktitle = {Elsevier Encyclopedia of Language and Linguistics},
year = {2005},
publisher = {Elsevier},
pages = {24},
editor = {Brown, K. },
address = {Amsterdam},
}

@book{Zimmer2004,
author = {Zimmer, M. },
address = {Porto Alegre},
title = {A Transfer\^{e}ncia do Conhecimento Fon\'{e}tico-Fonológico do Portugu\^{e}s Brasileiro (L1) para o Ingl\^{e}s (L2) na Recodifica\c{c}\~{a}o Leitora: Uma Abordagem Conexionista. Disserta\c{c}\~{a}o de Doutorado},
year = {2004},
publisher = {Pontifícia Universidade Católica do Rio Grande do Sul}
}

@article{CMUDict2008,
    author = {Weide, Robert},
    journal = {Carnegie Mellon University},
    title = {The {CMU Pronouncing Dictionary 0.7a}},
    year = {2008},
    note = {\url{http://www.speech.cs.cmu.edu/cgi-bin/cmudict}}
}

@book{Jurafsky2000,
author = {Jurafsky, D. and Martin, J. },
address = {New Jersey, USA},
title = {Speech and language processing : an introduction to natural language processing computational linguistics, and speech recognition},
year = {2000},
publisher = {Prentice Hall},
edition = {2ª},
}

@book{IMF2015,
  title={World Economic Outlook.},
  author={International Monetary Fund},
  year={2015},
  publisher={International Monetary Fund},
  address = {Washington, DC, USA},
}

@article{Walker2004,
  title={Sphinx-4: A flexible open source framework for speech recognition},
  author={Walker, Willie and Lamere, Paul and Kwok, Philip and Raj, Bhiksha and Singh, Rita and Gouvea, Evandro and Wolf, Peter and Woelfel, Joe},
  year={2004},
  publisher={Sun Microsystems, Inc.}
}

@book{Zimmer2009,
author = {Zimmer, M. and Silveira, R. and Alves, U. },
address = {Newcastle},
title = {Pronunciation Instruction for Brazilians: Bringing Theory and Practice Together},
year = {2009},
publisher = {Cambridge Scholars}
}
